%YAML 1.1
%TAG !u! tag:unity3d.com,2011:
--- !u!1 &100000
GameObject:
  m_ObjectHideFlags: 0
  m_CorrespondingSourceObject: {fileID: 0}
  m_PrefabInstance: {fileID: 0}
  m_PrefabAsset: {fileID: 0}
  serializedVersion: 6
  m_Component:
  - component: {fileID: 400000}
  - component: {fileID: 3300000}
  - component: {fileID: 2300000}
  m_Layer: 0
  m_Name: GuardTower1_LOD2(Clone)
  m_TagString: Untagged
  m_Icon: {fileID: 0}
  m_NavMeshLayer: 0
  m_StaticEditorFlags: 4294967295
  m_IsActive: 1
--- !u!4 &400000
Transform:
  m_ObjectHideFlags: 0
  m_CorrespondingSourceObject: {fileID: 0}
  m_PrefabInstance: {fileID: 0}
  m_PrefabAsset: {fileID: 0}
  m_GameObject: {fileID: 100000}
  m_LocalRotation: {x: 0, y: 0, z: 0, w: 1}
  m_LocalPosition: {x: 0, y: 0, z: 0}
  m_LocalScale: {x: 1, y: 1, z: 1}
  m_Children: []
  m_Father: {fileID: 400006}
  m_RootOrder: 2
  m_LocalEulerAnglesHint: {x: 0, y: 0, z: 0}
--- !u!33 &3300000
MeshFilter:
  m_ObjectHideFlags: 0
  m_CorrespondingSourceObject: {fileID: 0}
  m_PrefabInstance: {fileID: 0}
  m_PrefabAsset: {fileID: 0}
  m_GameObject: {fileID: 100000}
  m_Mesh: {fileID: 4300000, guid: eeaa5620f7369f74b80d25945c83348b, type: 3}
--- !u!23 &2300000
MeshRenderer:
  m_ObjectHideFlags: 0
  m_CorrespondingSourceObject: {fileID: 0}
  m_PrefabInstance: {fileID: 0}
  m_PrefabAsset: {fileID: 0}
  m_GameObject: {fileID: 100000}
  m_Enabled: 1
  m_CastShadows: 1
  m_ReceiveShadows: 1
  m_DynamicOccludee: 1
  m_MotionVectors: 1
  m_LightProbeUsage: 0
  m_ReflectionProbeUsage: 1
  m_RayTracingMode: 2
  m_RayTraceProcedural: 0
  m_RenderingLayerMask: 1
  m_RendererPriority: 0
  m_Materials:
  - {fileID: 2100000, guid: d20f42eaa6dcb8442b7fa9f176231c85, type: 2}
  - {fileID: 2100000, guid: dfee1b235bc7ccc478bf29cb3d2031e9, type: 2}
  - {fileID: 2100000, guid: b4465d1f1b6a9c0439fd1b55a517b0cb, type: 2}
  m_StaticBatchInfo:
    firstSubMesh: 0
    subMeshCount: 0
  m_StaticBatchRoot: {fileID: 0}
  m_ProbeAnchor: {fileID: 0}
  m_LightProbeVolumeOverride: {fileID: 0}
  m_ScaleInLightmap: 1
  m_ReceiveGI: 1
  m_PreserveUVs: 0
  m_IgnoreNormalsForChartDetection: 0
  m_ImportantGI: 0
  m_StitchLightmapSeams: 1
  m_SelectedEditorRenderState: 3
  m_MinimumChartSize: 4
  m_AutoUVMaxDistance: 0.5
  m_AutoUVMaxAngle: 89
  m_LightmapParameters: {fileID: 0}
  m_SortingLayerID: 0
  m_SortingLayer: 0
  m_SortingOrder: 0
  m_AdditionalVertexStreams: {fileID: 0}
--- !u!1 &100002
GameObject:
  m_ObjectHideFlags: 0
  m_CorrespondingSourceObject: {fileID: 0}
  m_PrefabInstance: {fileID: 0}
  m_PrefabAsset: {fileID: 0}
  serializedVersion: 6
  m_Component:
  - component: {fileID: 400002}
  - component: {fileID: 3300002}
  - component: {fileID: 2300002}
  m_Layer: 0
  m_Name: GuardTower1_LOD1(Clone)
  m_TagString: Untagged
  m_Icon: {fileID: 0}
  m_NavMeshLayer: 0
  m_StaticEditorFlags: 4294967295
  m_IsActive: 1
--- !u!4 &400002
Transform:
  m_ObjectHideFlags: 0
  m_CorrespondingSourceObject: {fileID: 0}
  m_PrefabInstance: {fileID: 0}
  m_PrefabAsset: {fileID: 0}
  m_GameObject: {fileID: 100002}
  m_LocalRotation: {x: 0, y: 0, z: 0, w: 1}
  m_LocalPosition: {x: 0, y: 0, z: 0}
  m_LocalScale: {x: 1, y: 1, z: 1}
  m_Children: []
  m_Father: {fileID: 400006}
  m_RootOrder: 1
  m_LocalEulerAnglesHint: {x: 0, y: 0, z: 0}
--- !u!33 &3300002
MeshFilter:
  m_ObjectHideFlags: 0
  m_CorrespondingSourceObject: {fileID: 0}
  m_PrefabInstance: {fileID: 0}
  m_PrefabAsset: {fileID: 0}
  m_GameObject: {fileID: 100002}
  m_Mesh: {fileID: 4300000, guid: 725d68112e2371845ae11aa2e8e58fb9, type: 3}
--- !u!23 &2300002
MeshRenderer:
  m_ObjectHideFlags: 0
  m_CorrespondingSourceObject: {fileID: 0}
  m_PrefabInstance: {fileID: 0}
  m_PrefabAsset: {fileID: 0}
  m_GameObject: {fileID: 100002}
  m_Enabled: 1
  m_CastShadows: 1
  m_ReceiveShadows: 1
  m_DynamicOccludee: 1
  m_MotionVectors: 1
  m_LightProbeUsage: 0
  m_ReflectionProbeUsage: 1
  m_RayTracingMode: 2
  m_RayTraceProcedural: 0
  m_RenderingLayerMask: 1
  m_RendererPriority: 0
  m_Materials:
  - {fileID: 2100000, guid: d20f42eaa6dcb8442b7fa9f176231c85, type: 2}
  - {fileID: 2100000, guid: dfee1b235bc7ccc478bf29cb3d2031e9, type: 2}
  - {fileID: 2100000, guid: b4465d1f1b6a9c0439fd1b55a517b0cb, type: 2}
  m_StaticBatchInfo:
    firstSubMesh: 0
    subMeshCount: 0
  m_StaticBatchRoot: {fileID: 0}
  m_ProbeAnchor: {fileID: 0}
  m_LightProbeVolumeOverride: {fileID: 0}
  m_ScaleInLightmap: 1
  m_ReceiveGI: 1
  m_PreserveUVs: 0
  m_IgnoreNormalsForChartDetection: 0
  m_ImportantGI: 0
  m_StitchLightmapSeams: 1
  m_SelectedEditorRenderState: 3
  m_MinimumChartSize: 4
  m_AutoUVMaxDistance: 0.5
  m_AutoUVMaxAngle: 89
  m_LightmapParameters: {fileID: 0}
  m_SortingLayerID: 0
  m_SortingLayer: 0
  m_SortingOrder: 0
  m_AdditionalVertexStreams: {fileID: 0}
--- !u!1 &100004
GameObject:
  m_ObjectHideFlags: 0
  m_CorrespondingSourceObject: {fileID: 0}
  m_PrefabInstance: {fileID: 0}
  m_PrefabAsset: {fileID: 0}
  serializedVersion: 6
  m_Component:
  - component: {fileID: 400004}
  - component: {fileID: 3300004}
  - component: {fileID: 2300004}
  m_Layer: 0
  m_Name: GuardTower1(Clone)
  m_TagString: Untagged
  m_Icon: {fileID: 0}
  m_NavMeshLayer: 0
  m_StaticEditorFlags: 4294967295
  m_IsActive: 1
--- !u!4 &400004
Transform:
  m_ObjectHideFlags: 0
  m_CorrespondingSourceObject: {fileID: 0}
  m_PrefabInstance: {fileID: 0}
  m_PrefabAsset: {fileID: 0}
  m_GameObject: {fileID: 100004}
  m_LocalRotation: {x: 0, y: 0, z: 0, w: 1}
  m_LocalPosition: {x: 0, y: 0, z: 0}
  m_LocalScale: {x: 1, y: 1, z: 1}
  m_Children: []
  m_Father: {fileID: 400006}
  m_RootOrder: 0
  m_LocalEulerAnglesHint: {x: 0, y: 0, z: 0}
--- !u!33 &3300004
MeshFilter:
  m_ObjectHideFlags: 0
  m_CorrespondingSourceObject: {fileID: 0}
  m_PrefabInstance: {fileID: 0}
  m_PrefabAsset: {fileID: 0}
  m_GameObject: {fileID: 100004}
  m_Mesh: {fileID: 4300000, guid: 3e6e55ca042e712448fa81124b103e3b, type: 3}
--- !u!23 &2300004
MeshRenderer:
  m_ObjectHideFlags: 0
  m_CorrespondingSourceObject: {fileID: 0}
  m_PrefabInstance: {fileID: 0}
  m_PrefabAsset: {fileID: 0}
  m_GameObject: {fileID: 100004}
  m_Enabled: 1
  m_CastShadows: 1
  m_ReceiveShadows: 1
  m_DynamicOccludee: 1
  m_MotionVectors: 1
  m_LightProbeUsage: 0
  m_ReflectionProbeUsage: 1
  m_RayTracingMode: 2
  m_RayTraceProcedural: 0
  m_RenderingLayerMask: 1
  m_RendererPriority: 0
  m_Materials:
  - {fileID: 2100000, guid: b4465d1f1b6a9c0439fd1b55a517b0cb, type: 2}
  - {fileID: 2100000, guid: d20f42eaa6dcb8442b7fa9f176231c85, type: 2}
  - {fileID: 2100000, guid: dfee1b235bc7ccc478bf29cb3d2031e9, type: 2}
  m_StaticBatchInfo:
    firstSubMesh: 0
    subMeshCount: 0
  m_StaticBatchRoot: {fileID: 0}
  m_ProbeAnchor: {fileID: 0}
  m_LightProbeVolumeOverride: {fileID: 0}
  m_ScaleInLightmap: 1
  m_ReceiveGI: 1
  m_PreserveUVs: 0
  m_IgnoreNormalsForChartDetection: 0
  m_ImportantGI: 0
  m_StitchLightmapSeams: 1
  m_SelectedEditorRenderState: 3
  m_MinimumChartSize: 4
  m_AutoUVMaxDistance: 0.5
  m_AutoUVMaxAngle: 89
  m_LightmapParameters: {fileID: 0}
  m_SortingLayerID: 0
  m_SortingLayer: 0
  m_SortingOrder: 0
  m_AdditionalVertexStreams: {fileID: 0}
--- !u!1 &100006
GameObject:
  m_ObjectHideFlags: 0
  m_CorrespondingSourceObject: {fileID: 0}
  m_PrefabInstance: {fileID: 0}
  m_PrefabAsset: {fileID: 0}
  serializedVersion: 6
  m_Component:
  - component: {fileID: 400006}
  - component: {fileID: 20500000}
  - component: {fileID: 1838270218}
  - component: {fileID: 619747714}
  - component: {fileID: 7743167621413722755}
  m_Layer: 0
  m_Name: GuardTower
  m_TagString: Enemy
  m_Icon: {fileID: 0}
  m_NavMeshLayer: 0
  m_StaticEditorFlags: 4294967295
  m_IsActive: 1
--- !u!4 &400006
Transform:
  m_ObjectHideFlags: 0
  m_CorrespondingSourceObject: {fileID: 0}
  m_PrefabInstance: {fileID: 0}
  m_PrefabAsset: {fileID: 0}
  m_GameObject: {fileID: 100006}
  m_LocalRotation: {x: 0, y: 0, z: 0, w: 1}
  m_LocalPosition: {x: 0, y: 0, z: 0}
  m_LocalScale: {x: 1, y: 1, z: 1}
  m_Children:
  - {fileID: 400004}
  - {fileID: 400002}
  - {fileID: 400000}
  - {fileID: 7608331981945590183}
  m_Father: {fileID: 0}
  m_RootOrder: 0
  m_LocalEulerAnglesHint: {x: 0, y: 0, z: 0}
--- !u!205 &20500000
LODGroup:
  m_ObjectHideFlags: 0
  m_CorrespondingSourceObject: {fileID: 0}
  m_PrefabInstance: {fileID: 0}
  m_PrefabAsset: {fileID: 0}
  m_GameObject: {fileID: 100006}
  serializedVersion: 2
  m_LocalReferencePoint: {x: 0.54478526, y: 7.1562996, z: 0.53779817}
  m_Size: 15.183517
  m_FadeMode: 0
  m_AnimateCrossFading: 0
  m_LastLODIsBillboard: 0
  m_LODs:
  - screenRelativeHeight: 0.49911824
    fadeTransitionWidth: 0
    renderers:
    - renderer: {fileID: 2300004}
  - screenRelativeHeight: 0.1770463
    fadeTransitionWidth: 0
    renderers:
    - renderer: {fileID: 2300002}
  - screenRelativeHeight: 0.021100033
    fadeTransitionWidth: 0
    renderers:
    - renderer: {fileID: 2300000}
  m_Enabled: 1
--- !u!64 &1838270218
MeshCollider:
  m_ObjectHideFlags: 0
  m_CorrespondingSourceObject: {fileID: 0}
  m_PrefabInstance: {fileID: 0}
  m_PrefabAsset: {fileID: 0}
  m_GameObject: {fileID: 100006}
  m_Material: {fileID: 0}
  m_IsTrigger: 0
  m_Enabled: 1
  serializedVersion: 4
  m_Convex: 0
  m_CookingOptions: 30
  m_Mesh: {fileID: 0}
--- !u!114 &619747714
MonoBehaviour:
  m_ObjectHideFlags: 0
  m_CorrespondingSourceObject: {fileID: 0}
  m_PrefabInstance: {fileID: 0}
  m_PrefabAsset: {fileID: 0}
  m_GameObject: {fileID: 100006}
  m_Enabled: 1
  m_EditorHideFlags: 0
  m_Script: {fileID: 11500000, guid: e9f7ac07e6f1e8949b3108486ba9c5d1, type: 3}
  m_Name: 
  m_EditorClassIdentifier: 
  Ehealth: 100
  maxEHealth: 100
  explosionPrefab: {fileID: 100010, guid: 031d08f52af1daa4f929b85221519426, type: 3}
  healthBarUI: {fileID: 7608331981945590176}
  slider: {fileID: 7608331980870948033}
--- !u!65 &7743167621413722755
BoxCollider:
  m_ObjectHideFlags: 0
  m_CorrespondingSourceObject: {fileID: 0}
  m_PrefabInstance: {fileID: 0}
  m_PrefabAsset: {fileID: 0}
  m_GameObject: {fileID: 100006}
  m_Material: {fileID: 0}
  m_IsTrigger: 0
  m_Enabled: 1
  serializedVersion: 2
  m_Size: {x: 4.146118, y: 14.406418, z: 3.0064697}
  m_Center: {x: -0.011291504, y: 6.703209, z: 0.1765747}
--- !u!1001 &1807014212
PrefabInstance:
  m_ObjectHideFlags: 0
  serializedVersion: 2
  m_Modification:
    m_TransformParent: {fileID: 400006}
    m_Modifications:
    - target: {fileID: 7608331980226726115, guid: 0313cdf9f0c1ff7438daa35242ce8ca6,
        type: 3}
      propertyPath: m_Pivot.x
      value: 0.5
      objectReference: {fileID: 0}
    - target: {fileID: 7608331980226726115, guid: 0313cdf9f0c1ff7438daa35242ce8ca6,
        type: 3}
      propertyPath: m_Pivot.y
      value: 0.5
      objectReference: {fileID: 0}
    - target: {fileID: 7608331980226726115, guid: 0313cdf9f0c1ff7438daa35242ce8ca6,
        type: 3}
      propertyPath: m_RootOrder
      value: 3
      objectReference: {fileID: 0}
    - target: {fileID: 7608331980226726115, guid: 0313cdf9f0c1ff7438daa35242ce8ca6,
        type: 3}
      propertyPath: m_AnchorMax.x
      value: 0
      objectReference: {fileID: 0}
    - target: {fileID: 7608331980226726115, guid: 0313cdf9f0c1ff7438daa35242ce8ca6,
        type: 3}
      propertyPath: m_AnchorMax.y
      value: 0
      objectReference: {fileID: 0}
    - target: {fileID: 7608331980226726115, guid: 0313cdf9f0c1ff7438daa35242ce8ca6,
        type: 3}
      propertyPath: m_AnchorMin.x
      value: 0
      objectReference: {fileID: 0}
    - target: {fileID: 7608331980226726115, guid: 0313cdf9f0c1ff7438daa35242ce8ca6,
        type: 3}
      propertyPath: m_AnchorMin.y
      value: 0
      objectReference: {fileID: 0}
    - target: {fileID: 7608331980226726115, guid: 0313cdf9f0c1ff7438daa35242ce8ca6,
        type: 3}
      propertyPath: m_SizeDelta.x
      value: 8.3297
      objectReference: {fileID: 0}
    - target: {fileID: 7608331980226726115, guid: 0313cdf9f0c1ff7438daa35242ce8ca6,
        type: 3}
      propertyPath: m_SizeDelta.y
      value: 5.5004
      objectReference: {fileID: 0}
    - target: {fileID: 7608331980226726115, guid: 0313cdf9f0c1ff7438daa35242ce8ca6,
        type: 3}
      propertyPath: m_LocalPosition.x
      value: 0
      objectReference: {fileID: 0}
    - target: {fileID: 7608331980226726115, guid: 0313cdf9f0c1ff7438daa35242ce8ca6,
        type: 3}
      propertyPath: m_LocalPosition.y
      value: 0
      objectReference: {fileID: 0}
    - target: {fileID: 7608331980226726115, guid: 0313cdf9f0c1ff7438daa35242ce8ca6,
        type: 3}
      propertyPath: m_LocalPosition.z
      value: 0.017
      objectReference: {fileID: 0}
    - target: {fileID: 7608331980226726115, guid: 0313cdf9f0c1ff7438daa35242ce8ca6,
        type: 3}
      propertyPath: m_LocalRotation.w
      value: 0.7071068
      objectReference: {fileID: 0}
    - target: {fileID: 7608331980226726115, guid: 0313cdf9f0c1ff7438daa35242ce8ca6,
        type: 3}
      propertyPath: m_LocalRotation.x
      value: 0
      objectReference: {fileID: 0}
    - target: {fileID: 7608331980226726115, guid: 0313cdf9f0c1ff7438daa35242ce8ca6,
        type: 3}
      propertyPath: m_LocalRotation.y
      value: 0.7071068
      objectReference: {fileID: 0}
    - target: {fileID: 7608331980226726115, guid: 0313cdf9f0c1ff7438daa35242ce8ca6,
        type: 3}
      propertyPath: m_LocalRotation.z
      value: 0
      objectReference: {fileID: 0}
    - target: {fileID: 7608331980226726115, guid: 0313cdf9f0c1ff7438daa35242ce8ca6,
        type: 3}
      propertyPath: m_AnchoredPosition.x
      value: 0.08898926
      objectReference: {fileID: 0}
    - target: {fileID: 7608331980226726115, guid: 0313cdf9f0c1ff7438daa35242ce8ca6,
        type: 3}
      propertyPath: m_AnchoredPosition.y
      value: 16.440002
      objectReference: {fileID: 0}
    - target: {fileID: 7608331980226726115, guid: 0313cdf9f0c1ff7438daa35242ce8ca6,
        type: 3}
      propertyPath: m_LocalEulerAnglesHint.x
      value: 0
      objectReference: {fileID: 0}
    - target: {fileID: 7608331980226726115, guid: 0313cdf9f0c1ff7438daa35242ce8ca6,
        type: 3}
      propertyPath: m_LocalEulerAnglesHint.y
      value: 90
      objectReference: {fileID: 0}
    - target: {fileID: 7608331980226726115, guid: 0313cdf9f0c1ff7438daa35242ce8ca6,
        type: 3}
      propertyPath: m_LocalEulerAnglesHint.z
      value: 0
      objectReference: {fileID: 0}
    - target: {fileID: 7608331980226726116, guid: 0313cdf9f0c1ff7438daa35242ce8ca6,
        type: 3}
      propertyPath: m_Name
      value: healthBarUI_1 (2)
      objectReference: {fileID: 0}
    - target: {fileID: 7608331980964084870, guid: 0313cdf9f0c1ff7438daa35242ce8ca6,
        type: 3}
      propertyPath: m_AnchorMax.x
      value: 0
      objectReference: {fileID: 0}
    - target: {fileID: 7608331980964084870, guid: 0313cdf9f0c1ff7438daa35242ce8ca6,
        type: 3}
      propertyPath: m_AnchorMax.y
      value: 0
      objectReference: {fileID: 0}
    - target: {fileID: 7608331981301632387, guid: 0313cdf9f0c1ff7438daa35242ce8ca6,
        type: 3}
      propertyPath: cam
      value: 
      objectReference: {fileID: 0}
    - target: {fileID: 7608331981301632388, guid: 0313cdf9f0c1ff7438daa35242ce8ca6,
        type: 3}
      propertyPath: m_LocalScale.x
      value: 0.14
      objectReference: {fileID: 0}
    - target: {fileID: 7608331981301632388, guid: 0313cdf9f0c1ff7438daa35242ce8ca6,
        type: 3}
      propertyPath: m_LocalScale.y
      value: 0.36
      objectReference: {fileID: 0}
    m_RemovedComponents: []
  m_SourcePrefab: {fileID: 100100000, guid: 0313cdf9f0c1ff7438daa35242ce8ca6, type: 3}
--- !u!1 &7608331981945590176 stripped
GameObject:
  m_CorrespondingSourceObject: {fileID: 7608331980226726116, guid: 0313cdf9f0c1ff7438daa35242ce8ca6,
    type: 3}
  m_PrefabInstance: {fileID: 1807014212}
  m_PrefabAsset: {fileID: 0}
--- !u!224 &7608331981945590183 stripped
RectTransform:
  m_CorrespondingSourceObject: {fileID: 7608331980226726115, guid: 0313cdf9f0c1ff7438daa35242ce8ca6,
    type: 3}
  m_PrefabInstance: {fileID: 1807014212}
  m_PrefabAsset: {fileID: 0}
--- !u!114 &7608331980870948033 stripped
MonoBehaviour:
  m_CorrespondingSourceObject: {fileID: 7608331981301632389, guid: 0313cdf9f0c1ff7438daa35242ce8ca6,
    type: 3}
  m_PrefabInstance: {fileID: 1807014212}
  m_PrefabAsset: {fileID: 0}
  m_GameObject: {fileID: 0}
  m_Enabled: 1
  m_EditorHideFlags: 0
  m_Script: {fileID: 11500000, guid: 67db9e8f0e2ae9c40bc1e2b64352a6b4, type: 3}
  m_Name: 
  m_EditorClassIdentifier: 
