%YAML 1.1
%TAG !u! tag:unity3d.com,2011:
--- !u!29 &1
OcclusionCullingSettings:
  m_ObjectHideFlags: 0
  serializedVersion: 2
  m_OcclusionBakeSettings:
    smallestOccluder: 5
    smallestHole: 0.25
    backfaceThreshold: 100
  m_SceneGUID: 00000000000000000000000000000000
  m_OcclusionCullingData: {fileID: 0}
--- !u!104 &2
RenderSettings:
  m_ObjectHideFlags: 0
  serializedVersion: 9
  m_Fog: 0
  m_FogColor: {r: 0.5, g: 0.5, b: 0.5, a: 1}
  m_FogMode: 3
  m_FogDensity: 0.01
  m_LinearFogStart: 0
  m_LinearFogEnd: 300
  m_AmbientSkyColor: {r: 0.212, g: 0.227, b: 0.259, a: 1}
  m_AmbientEquatorColor: {r: 0.114, g: 0.125, b: 0.133, a: 1}
  m_AmbientGroundColor: {r: 0.047, g: 0.043, b: 0.035, a: 1}
  m_AmbientIntensity: 1
  m_AmbientMode: 0
  m_SubtractiveShadowColor: {r: 0.42, g: 0.478, b: 0.627, a: 1}
  m_SkyboxMaterial: {fileID: 10304, guid: 0000000000000000f000000000000000, type: 0}
  m_HaloStrength: 0.5
  m_FlareStrength: 1
  m_FlareFadeSpeed: 3
  m_HaloTexture: {fileID: 0}
  m_SpotCookie: {fileID: 10001, guid: 0000000000000000e000000000000000, type: 0}
  m_DefaultReflectionMode: 0
  m_DefaultReflectionResolution: 128
  m_ReflectionBounces: 1
  m_ReflectionIntensity: 1
  m_CustomReflection: {fileID: 0}
  m_Sun: {fileID: 0}
  m_IndirectSpecularColor: {r: 0.18028378, g: 0.22571412, b: 0.30692285, a: 1}
  m_UseRadianceAmbientProbe: 0
--- !u!157 &3
LightmapSettings:
  m_ObjectHideFlags: 0
  serializedVersion: 12
  m_GIWorkflowMode: 1
  m_GISettings:
    serializedVersion: 2
    m_BounceScale: 1
    m_IndirectOutputScale: 1
    m_AlbedoBoost: 1
    m_EnvironmentLightingMode: 0
    m_EnableBakedLightmaps: 1
    m_EnableRealtimeLightmaps: 0
  m_LightmapEditorSettings:
    serializedVersion: 12
    m_Resolution: 2
    m_BakeResolution: 40
    m_AtlasSize: 1024
    m_AO: 0
    m_AOMaxDistance: 1
    m_CompAOExponent: 1
    m_CompAOExponentDirect: 0
    m_ExtractAmbientOcclusion: 0
    m_Padding: 2
    m_LightmapParameters: {fileID: 0}
    m_LightmapsBakeMode: 1
    m_TextureCompression: 1
    m_FinalGather: 0
    m_FinalGatherFiltering: 1
    m_FinalGatherRayCount: 256
    m_ReflectionCompression: 2
    m_MixedBakeMode: 2
    m_BakeBackend: 1
    m_PVRSampling: 1
    m_PVRDirectSampleCount: 32
    m_PVRSampleCount: 512
    m_PVRBounces: 2
    m_PVREnvironmentSampleCount: 256
    m_PVREnvironmentReferencePointCount: 2048
    m_PVRFilteringMode: 1
    m_PVRDenoiserTypeDirect: 1
    m_PVRDenoiserTypeIndirect: 1
    m_PVRDenoiserTypeAO: 1
    m_PVRFilterTypeDirect: 0
    m_PVRFilterTypeIndirect: 0
    m_PVRFilterTypeAO: 0
    m_PVREnvironmentMIS: 1
    m_PVRCulling: 1
    m_PVRFilteringGaussRadiusDirect: 1
    m_PVRFilteringGaussRadiusIndirect: 5
    m_PVRFilteringGaussRadiusAO: 2
    m_PVRFilteringAtrousPositionSigmaDirect: 0.5
    m_PVRFilteringAtrousPositionSigmaIndirect: 2
    m_PVRFilteringAtrousPositionSigmaAO: 1
    m_ExportTrainingData: 0
    m_TrainingDataDestination: TrainingData
    m_LightProbeSampleCountMultiplier: 4
  m_LightingDataAsset: {fileID: 0}
  m_LightingSettings: {fileID: 0}
--- !u!196 &4
NavMeshSettings:
  serializedVersion: 2
  m_ObjectHideFlags: 0
  m_BuildSettings:
    serializedVersion: 2
    agentTypeID: 0
    agentRadius: 0.5
    agentHeight: 2
    agentSlope: 45
    agentClimb: 0.4
    ledgeDropHeight: 0
    maxJumpAcrossDistance: 0
    minRegionArea: 2
    manualCellSize: 0
    cellSize: 0.16666667
    manualTileSize: 0
    tileSize: 256
    accuratePlacement: 0
    maxJobWorkers: 0
    preserveTilesOutsideBounds: 0
    debug:
      m_Flags: 0
  m_NavMeshData: {fileID: 0}
--- !u!1 &321278141
GameObject:
  m_ObjectHideFlags: 0
  m_CorrespondingSourceObject: {fileID: 0}
  m_PrefabInstance: {fileID: 0}
  m_PrefabAsset: {fileID: 0}
  serializedVersion: 6
  m_Component:
  - component: {fileID: 321278144}
  - component: {fileID: 321278143}
  - component: {fileID: 321278142}
  m_Layer: 0
  m_Name: Main Camera
  m_TagString: MainCamera
  m_Icon: {fileID: 0}
  m_NavMeshLayer: 0
  m_StaticEditorFlags: 0
  m_IsActive: 1
--- !u!81 &321278142
AudioListener:
  m_ObjectHideFlags: 0
  m_CorrespondingSourceObject: {fileID: 0}
  m_PrefabInstance: {fileID: 0}
  m_PrefabAsset: {fileID: 0}
  m_GameObject: {fileID: 321278141}
  m_Enabled: 1
--- !u!20 &321278143
Camera:
  m_ObjectHideFlags: 0
  m_CorrespondingSourceObject: {fileID: 0}
  m_PrefabInstance: {fileID: 0}
  m_PrefabAsset: {fileID: 0}
  m_GameObject: {fileID: 321278141}
  m_Enabled: 1
  serializedVersion: 2
  m_ClearFlags: 1
  m_BackGroundColor: {r: 0.19215687, g: 0.3019608, b: 0.4745098, a: 0}
  m_projectionMatrixMode: 1
  m_GateFitMode: 2
  m_FOVAxisMode: 0
  m_SensorSize: {x: 36, y: 24}
  m_LensShift: {x: 0, y: 0}
  m_FocalLength: 50
  m_NormalizedViewPortRect:
    serializedVersion: 2
    x: 0
    y: 0
    width: 1
    height: 1
  near clip plane: 0.3
  far clip plane: 1000
  field of view: 60
  orthographic: 0
  orthographic size: 5
  m_Depth: -1
  m_CullingMask:
    serializedVersion: 2
    m_Bits: 4294967295
  m_RenderingPath: -1
  m_TargetTexture: {fileID: 0}
  m_TargetDisplay: 0
  m_TargetEye: 3
  m_HDR: 1
  m_AllowMSAA: 1
  m_AllowDynamicResolution: 0
  m_ForceIntoRT: 0
  m_OcclusionCulling: 1
  m_StereoConvergence: 10
  m_StereoSeparation: 0.022
--- !u!4 &321278144
Transform:
  m_ObjectHideFlags: 0
  m_CorrespondingSourceObject: {fileID: 0}
  m_PrefabInstance: {fileID: 0}
  m_PrefabAsset: {fileID: 0}
  m_GameObject: {fileID: 321278141}
  m_LocalRotation: {x: -0, y: -0.9924073, z: -0, w: -0.122995175}
  m_LocalPosition: {x: 2686, y: -467, z: 4153}
  m_LocalScale: {x: 1, y: 1, z: 1}
  m_Children: []
  m_Father: {fileID: 0}
  m_RootOrder: 0
  m_LocalEulerAnglesHint: {x: 0, y: -194.13, z: 0}
--- !u!1 &560670764
GameObject:
  m_ObjectHideFlags: 0
  m_CorrespondingSourceObject: {fileID: 0}
  m_PrefabInstance: {fileID: 0}
  m_PrefabAsset: {fileID: 0}
  serializedVersion: 6
  m_Component:
  - component: {fileID: 560670768}
  - component: {fileID: 560670767}
  - component: {fileID: 560670766}
  - component: {fileID: 560670765}
  - component: {fileID: 560670769}
  m_Layer: 0
  m_Name: Plane
  m_TagString: Untagged
  m_Icon: {fileID: 0}
  m_NavMeshLayer: 0
  m_StaticEditorFlags: 0
  m_IsActive: 1
--- !u!64 &560670765
MeshCollider:
  m_ObjectHideFlags: 0
  m_CorrespondingSourceObject: {fileID: 0}
  m_PrefabInstance: {fileID: 0}
  m_PrefabAsset: {fileID: 0}
  m_GameObject: {fileID: 560670764}
  m_Material: {fileID: 0}
  m_IsTrigger: 0
  m_Enabled: 1
  serializedVersion: 4
  m_Convex: 0
  m_CookingOptions: 30
  m_Mesh: {fileID: 10209, guid: 0000000000000000e000000000000000, type: 0}
--- !u!23 &560670766
MeshRenderer:
  m_ObjectHideFlags: 0
  m_CorrespondingSourceObject: {fileID: 0}
  m_PrefabInstance: {fileID: 0}
  m_PrefabAsset: {fileID: 0}
  m_GameObject: {fileID: 560670764}
  m_Enabled: 1
  m_CastShadows: 1
  m_ReceiveShadows: 1
  m_DynamicOccludee: 1
  m_MotionVectors: 1
  m_LightProbeUsage: 1
  m_ReflectionProbeUsage: 1
  m_RayTracingMode: 2
  m_RayTraceProcedural: 0
  m_RenderingLayerMask: 1
  m_RendererPriority: 0
  m_Materials:
  - {fileID: 10303, guid: 0000000000000000f000000000000000, type: 0}
  m_StaticBatchInfo:
    firstSubMesh: 0
    subMeshCount: 0
  m_StaticBatchRoot: {fileID: 0}
  m_ProbeAnchor: {fileID: 0}
  m_LightProbeVolumeOverride: {fileID: 0}
  m_ScaleInLightmap: 1
  m_ReceiveGI: 1
  m_PreserveUVs: 0
  m_IgnoreNormalsForChartDetection: 0
  m_ImportantGI: 0
  m_StitchLightmapSeams: 1
  m_SelectedEditorRenderState: 3
  m_MinimumChartSize: 4
  m_AutoUVMaxDistance: 0.5
  m_AutoUVMaxAngle: 89
  m_LightmapParameters: {fileID: 0}
  m_SortingLayerID: 0
  m_SortingLayer: 0
  m_SortingOrder: 0
  m_AdditionalVertexStreams: {fileID: 0}
--- !u!33 &560670767
MeshFilter:
  m_ObjectHideFlags: 0
  m_CorrespondingSourceObject: {fileID: 0}
  m_PrefabInstance: {fileID: 0}
  m_PrefabAsset: {fileID: 0}
  m_GameObject: {fileID: 560670764}
  m_Mesh: {fileID: 10209, guid: 0000000000000000e000000000000000, type: 0}
--- !u!4 &560670768
Transform:
  m_ObjectHideFlags: 0
  m_CorrespondingSourceObject: {fileID: 0}
  m_PrefabInstance: {fileID: 0}
  m_PrefabAsset: {fileID: 0}
  m_GameObject: {fileID: 560670764}
  m_LocalRotation: {x: 0, y: 0, z: 0, w: 1}
  m_LocalPosition: {x: 2709.7122, y: -469.7768, z: 4150.082}
  m_LocalScale: {x: 10, y: 10, z: 10}
  m_Children: []
  m_Father: {fileID: 0}
  m_RootOrder: 7
  m_LocalEulerAnglesHint: {x: 0, y: 0, z: 0}
--- !u!65 &560670769
BoxCollider:
  m_ObjectHideFlags: 0
  m_CorrespondingSourceObject: {fileID: 0}
  m_PrefabInstance: {fileID: 0}
  m_PrefabAsset: {fileID: 0}
  m_GameObject: {fileID: 560670764}
  m_Material: {fileID: 0}
  m_IsTrigger: 0
  m_Enabled: 1
  serializedVersion: 2
  m_Size: {x: 10, y: 2.220446e-16, z: 10}
  m_Center: {x: 0, y: 0, z: 0}
--- !u!1001 &991142926
PrefabInstance:
  m_ObjectHideFlags: 0
  serializedVersion: 2
  m_Modification:
    m_TransformParent: {fileID: 1153087265}
    m_Modifications:
    - target: {fileID: 7608331980226726115, guid: 0313cdf9f0c1ff7438daa35242ce8ca6,
        type: 3}
      propertyPath: m_Pivot.x
      value: 0.5
      objectReference: {fileID: 0}
    - target: {fileID: 7608331980226726115, guid: 0313cdf9f0c1ff7438daa35242ce8ca6,
        type: 3}
      propertyPath: m_Pivot.y
      value: 0.5
      objectReference: {fileID: 0}
    - target: {fileID: 7608331980226726115, guid: 0313cdf9f0c1ff7438daa35242ce8ca6,
        type: 3}
      propertyPath: m_RootOrder
      value: 0
      objectReference: {fileID: 0}
    - target: {fileID: 7608331980226726115, guid: 0313cdf9f0c1ff7438daa35242ce8ca6,
        type: 3}
      propertyPath: m_AnchorMax.x
      value: 0
      objectReference: {fileID: 0}
    - target: {fileID: 7608331980226726115, guid: 0313cdf9f0c1ff7438daa35242ce8ca6,
        type: 3}
      propertyPath: m_AnchorMax.y
      value: 0
      objectReference: {fileID: 0}
    - target: {fileID: 7608331980226726115, guid: 0313cdf9f0c1ff7438daa35242ce8ca6,
        type: 3}
      propertyPath: m_AnchorMin.x
      value: 0
      objectReference: {fileID: 0}
    - target: {fileID: 7608331980226726115, guid: 0313cdf9f0c1ff7438daa35242ce8ca6,
        type: 3}
      propertyPath: m_AnchorMin.y
      value: 0
      objectReference: {fileID: 0}
    - target: {fileID: 7608331980226726115, guid: 0313cdf9f0c1ff7438daa35242ce8ca6,
        type: 3}
      propertyPath: m_SizeDelta.x
      value: 8.3297
      objectReference: {fileID: 0}
    - target: {fileID: 7608331980226726115, guid: 0313cdf9f0c1ff7438daa35242ce8ca6,
        type: 3}
      propertyPath: m_SizeDelta.y
      value: 5.5004
      objectReference: {fileID: 0}
    - target: {fileID: 7608331980226726115, guid: 0313cdf9f0c1ff7438daa35242ce8ca6,
        type: 3}
      propertyPath: m_LocalPosition.x
      value: 0
      objectReference: {fileID: 0}
    - target: {fileID: 7608331980226726115, guid: 0313cdf9f0c1ff7438daa35242ce8ca6,
        type: 3}
      propertyPath: m_LocalPosition.y
      value: 0
      objectReference: {fileID: 0}
    - target: {fileID: 7608331980226726115, guid: 0313cdf9f0c1ff7438daa35242ce8ca6,
        type: 3}
      propertyPath: m_LocalPosition.z
      value: 0.017
      objectReference: {fileID: 0}
    - target: {fileID: 7608331980226726115, guid: 0313cdf9f0c1ff7438daa35242ce8ca6,
        type: 3}
      propertyPath: m_LocalRotation.w
      value: 0.7071068
      objectReference: {fileID: 0}
    - target: {fileID: 7608331980226726115, guid: 0313cdf9f0c1ff7438daa35242ce8ca6,
        type: 3}
      propertyPath: m_LocalRotation.x
      value: 0
      objectReference: {fileID: 0}
    - target: {fileID: 7608331980226726115, guid: 0313cdf9f0c1ff7438daa35242ce8ca6,
        type: 3}
      propertyPath: m_LocalRotation.y
      value: 0.7071068
      objectReference: {fileID: 0}
    - target: {fileID: 7608331980226726115, guid: 0313cdf9f0c1ff7438daa35242ce8ca6,
        type: 3}
      propertyPath: m_LocalRotation.z
      value: 0
      objectReference: {fileID: 0}
    - target: {fileID: 7608331980226726115, guid: 0313cdf9f0c1ff7438daa35242ce8ca6,
        type: 3}
      propertyPath: m_AnchoredPosition.x
      value: 0.08898926
      objectReference: {fileID: 0}
    - target: {fileID: 7608331980226726115, guid: 0313cdf9f0c1ff7438daa35242ce8ca6,
        type: 3}
      propertyPath: m_AnchoredPosition.y
      value: 0.94000244
      objectReference: {fileID: 0}
    - target: {fileID: 7608331980226726115, guid: 0313cdf9f0c1ff7438daa35242ce8ca6,
        type: 3}
      propertyPath: m_LocalEulerAnglesHint.x
      value: 0
      objectReference: {fileID: 0}
    - target: {fileID: 7608331980226726115, guid: 0313cdf9f0c1ff7438daa35242ce8ca6,
        type: 3}
      propertyPath: m_LocalEulerAnglesHint.y
      value: 90
      objectReference: {fileID: 0}
    - target: {fileID: 7608331980226726115, guid: 0313cdf9f0c1ff7438daa35242ce8ca6,
        type: 3}
      propertyPath: m_LocalEulerAnglesHint.z
      value: 0
      objectReference: {fileID: 0}
    - target: {fileID: 7608331980226726116, guid: 0313cdf9f0c1ff7438daa35242ce8ca6,
        type: 3}
      propertyPath: m_Name
      value: healthBarUI_1 (2)
      objectReference: {fileID: 0}
    - target: {fileID: 7608331980964084870, guid: 0313cdf9f0c1ff7438daa35242ce8ca6,
        type: 3}
      propertyPath: m_AnchorMax.x
      value: 0
      objectReference: {fileID: 0}
    - target: {fileID: 7608331980964084870, guid: 0313cdf9f0c1ff7438daa35242ce8ca6,
        type: 3}
      propertyPath: m_AnchorMax.y
      value: 0
      objectReference: {fileID: 0}
    - target: {fileID: 7608331981301632387, guid: 0313cdf9f0c1ff7438daa35242ce8ca6,
        type: 3}
      propertyPath: cam
      value: 
      objectReference: {fileID: 321278144}
    m_RemovedComponents: []
  m_SourcePrefab: {fileID: 100100000, guid: 0313cdf9f0c1ff7438daa35242ce8ca6, type: 3}
--- !u!4 &1153087265 stripped
Transform:
  m_CorrespondingSourceObject: {fileID: 868173259077738752, guid: bcf39abb1beb42545afd6f16a19ea54d,
    type: 3}
  m_PrefabInstance: {fileID: 1340562786}
  m_PrefabAsset: {fileID: 0}
--- !u!1001 &1340562786
PrefabInstance:
  m_ObjectHideFlags: 0
  serializedVersion: 2
  m_Modification:
    m_TransformParent: {fileID: 0}
    m_Modifications:
    - target: {fileID: 868173259077738752, guid: bcf39abb1beb42545afd6f16a19ea54d,
        type: 3}
      propertyPath: m_RootOrder
      value: 2
      objectReference: {fileID: 0}
    - target: {fileID: 868173259077738752, guid: bcf39abb1beb42545afd6f16a19ea54d,
        type: 3}
      propertyPath: m_LocalPosition.x
      value: 2679.2893
      objectReference: {fileID: 0}
    - target: {fileID: 868173259077738752, guid: bcf39abb1beb42545afd6f16a19ea54d,
        type: 3}
      propertyPath: m_LocalPosition.y
      value: -467
      objectReference: {fileID: 0}
    - target: {fileID: 868173259077738752, guid: bcf39abb1beb42545afd6f16a19ea54d,
        type: 3}
      propertyPath: m_LocalPosition.z
      value: 4142.363
      objectReference: {fileID: 0}
    - target: {fileID: 868173259077738752, guid: bcf39abb1beb42545afd6f16a19ea54d,
        type: 3}
      propertyPath: m_LocalRotation.w
      value: 1
      objectReference: {fileID: 0}
    - target: {fileID: 868173259077738752, guid: bcf39abb1beb42545afd6f16a19ea54d,
        type: 3}
      propertyPath: m_LocalRotation.x
      value: 0
      objectReference: {fileID: 0}
    - target: {fileID: 868173259077738752, guid: bcf39abb1beb42545afd6f16a19ea54d,
        type: 3}
      propertyPath: m_LocalRotation.y
      value: 0
      objectReference: {fileID: 0}
    - target: {fileID: 868173259077738752, guid: bcf39abb1beb42545afd6f16a19ea54d,
        type: 3}
      propertyPath: m_LocalRotation.z
      value: 0
      objectReference: {fileID: 0}
    - target: {fileID: 868173259077738752, guid: bcf39abb1beb42545afd6f16a19ea54d,
        type: 3}
      propertyPath: m_LocalEulerAnglesHint.x
      value: 0
      objectReference: {fileID: 0}
    - target: {fileID: 868173259077738752, guid: bcf39abb1beb42545afd6f16a19ea54d,
        type: 3}
      propertyPath: m_LocalEulerAnglesHint.y
      value: 0
      objectReference: {fileID: 0}
    - target: {fileID: 868173259077738752, guid: bcf39abb1beb42545afd6f16a19ea54d,
        type: 3}
      propertyPath: m_LocalEulerAnglesHint.z
      value: 0
      objectReference: {fileID: 0}
    - target: {fileID: 868173259077738764, guid: bcf39abb1beb42545afd6f16a19ea54d,
        type: 3}
      propertyPath: m_Name
      value: Cube
      objectReference: {fileID: 0}
    m_RemovedComponents: []
  m_SourcePrefab: {fileID: 100100000, guid: bcf39abb1beb42545afd6f16a19ea54d, type: 3}
--- !u!1001 &1378970603
PrefabInstance:
  m_ObjectHideFlags: 0
  serializedVersion: 2
  m_Modification:
    m_TransformParent: {fileID: 0}
    m_Modifications:
    - target: {fileID: 70236049299689190, guid: 69f21181f2a37ee46a7e64c923d6c252,
        type: 3}
      propertyPath: m_Name
      value: Sphere
      objectReference: {fileID: 0}
    - target: {fileID: 6164189925516398676, guid: 69f21181f2a37ee46a7e64c923d6c252,
        type: 3}
      propertyPath: m_RootOrder
      value: 1
      objectReference: {fileID: 0}
    - target: {fileID: 6164189925516398676, guid: 69f21181f2a37ee46a7e64c923d6c252,
        type: 3}
      propertyPath: m_LocalPosition.x
      value: 2686
      objectReference: {fileID: 0}
    - target: {fileID: 6164189925516398676, guid: 69f21181f2a37ee46a7e64c923d6c252,
        type: 3}
      propertyPath: m_LocalPosition.y
      value: -466
      objectReference: {fileID: 0}
    - target: {fileID: 6164189925516398676, guid: 69f21181f2a37ee46a7e64c923d6c252,
        type: 3}
      propertyPath: m_LocalPosition.z
      value: 4145
      objectReference: {fileID: 0}
    - target: {fileID: 6164189925516398676, guid: 69f21181f2a37ee46a7e64c923d6c252,
        type: 3}
      propertyPath: m_LocalRotation.w
      value: 1
      objectReference: {fileID: 0}
    - target: {fileID: 6164189925516398676, guid: 69f21181f2a37ee46a7e64c923d6c252,
        type: 3}
      propertyPath: m_LocalRotation.x
      value: 0
      objectReference: {fileID: 0}
    - target: {fileID: 6164189925516398676, guid: 69f21181f2a37ee46a7e64c923d6c252,
        type: 3}
      propertyPath: m_LocalRotation.y
      value: 0
      objectReference: {fileID: 0}
    - target: {fileID: 6164189925516398676, guid: 69f21181f2a37ee46a7e64c923d6c252,
        type: 3}
      propertyPath: m_LocalRotation.z
      value: 0
      objectReference: {fileID: 0}
    - target: {fileID: 6164189925516398676, guid: 69f21181f2a37ee46a7e64c923d6c252,
        type: 3}
      propertyPath: m_LocalEulerAnglesHint.x
      value: 0
      objectReference: {fileID: 0}
    - target: {fileID: 6164189925516398676, guid: 69f21181f2a37ee46a7e64c923d6c252,
        type: 3}
      propertyPath: m_LocalEulerAnglesHint.y
      value: 0
      objectReference: {fileID: 0}
    - target: {fileID: 6164189925516398676, guid: 69f21181f2a37ee46a7e64c923d6c252,
        type: 3}
      propertyPath: m_LocalEulerAnglesHint.z
      value: 0
      objectReference: {fileID: 0}
    m_RemovedComponents: []
  m_SourcePrefab: {fileID: 100100000, guid: 69f21181f2a37ee46a7e64c923d6c252, type: 3}
--- !u!1 &1709422795
GameObject:
  m_ObjectHideFlags: 0
  m_CorrespondingSourceObject: {fileID: 0}
  m_PrefabInstance: {fileID: 0}
  m_PrefabAsset: {fileID: 0}
  serializedVersion: 6
  m_Component:
  - component: {fileID: 1709422797}
  - component: {fileID: 1709422796}
  m_Layer: 0
  m_Name: Directional Light
  m_TagString: Untagged
  m_Icon: {fileID: 0}
  m_NavMeshLayer: 0
  m_StaticEditorFlags: 0
  m_IsActive: 1
--- !u!108 &1709422796
Light:
  m_ObjectHideFlags: 0
  m_CorrespondingSourceObject: {fileID: 0}
  m_PrefabInstance: {fileID: 0}
  m_PrefabAsset: {fileID: 0}
  m_GameObject: {fileID: 1709422795}
  m_Enabled: 1
  serializedVersion: 10
  m_Type: 1
  m_Shape: 0
  m_Color: {r: 1, g: 0.95686275, b: 0.8392157, a: 1}
  m_Intensity: 1
  m_Range: 10
  m_SpotAngle: 30
  m_InnerSpotAngle: 21.80208
  m_CookieSize: 10
  m_Shadows:
    m_Type: 2
    m_Resolution: -1
    m_CustomResolution: -1
    m_Strength: 1
    m_Bias: 0.05
    m_NormalBias: 0.4
    m_NearPlane: 0.2
    m_CullingMatrixOverride:
      e00: 1
      e01: 0
      e02: 0
      e03: 0
      e10: 0
      e11: 1
      e12: 0
      e13: 0
      e20: 0
      e21: 0
      e22: 1
      e23: 0
      e30: 0
      e31: 0
      e32: 0
      e33: 1
    m_UseCullingMatrixOverride: 0
  m_Cookie: {fileID: 0}
  m_DrawHalo: 0
  m_Flare: {fileID: 0}
  m_RenderMode: 0
  m_CullingMask:
    serializedVersion: 2
    m_Bits: 4294967295
  m_RenderingLayerMask: 1
  m_Lightmapping: 4
  m_LightShadowCasterMode: 0
  m_AreaSize: {x: 1, y: 1}
  m_BounceIntensity: 1
  m_ColorTemperature: 6570
  m_UseColorTemperature: 0
  m_BoundingSphereOverride: {x: 0, y: 0, z: 0, w: 0}
  m_UseBoundingSphereOverride: 0
  m_UseViewFrustumForShadowCasterCull: 1
  m_ShadowRadius: 0
  m_ShadowAngle: 0
--- !u!4 &1709422797
Transform:
  m_ObjectHideFlags: 0
  m_CorrespondingSourceObject: {fileID: 0}
  m_PrefabInstance: {fileID: 0}
  m_PrefabAsset: {fileID: 0}
  m_GameObject: {fileID: 1709422795}
  m_LocalRotation: {x: 0.40821788, y: -0.23456968, z: 0.10938163, w: 0.8754261}
  m_LocalPosition: {x: 0, y: 3, z: 0}
  m_LocalScale: {x: 1, y: 1, z: 1}
  m_Children: []
  m_Father: {fileID: 0}
  m_RootOrder: 6
  m_LocalEulerAnglesHint: {x: 50, y: -30, z: 0}
--- !u!1001 &118848000813220650
PrefabInstance:
  m_ObjectHideFlags: 0
  serializedVersion: 2
  m_Modification:
    m_TransformParent: {fileID: 0}
    m_Modifications:
    - target: {fileID: 118848000865994929, guid: 1e51b1b9703d7be4c960a6b7c835691b,
        type: 3}
      propertyPath: m_RootOrder
      value: 4
      objectReference: {fileID: 0}
    - target: {fileID: 118848000865994929, guid: 1e51b1b9703d7be4c960a6b7c835691b,
        type: 3}
      propertyPath: m_LocalPosition.x
      value: 2689.7825
      objectReference: {fileID: 0}
    - target: {fileID: 118848000865994929, guid: 1e51b1b9703d7be4c960a6b7c835691b,
        type: 3}
      propertyPath: m_LocalPosition.y
      value: -469.7768
      objectReference: {fileID: 0}
    - target: {fileID: 118848000865994929, guid: 1e51b1b9703d7be4c960a6b7c835691b,
        type: 3}
      propertyPath: m_LocalPosition.z
      value: 4145.9556
      objectReference: {fileID: 0}
    - target: {fileID: 118848000865994929, guid: 1e51b1b9703d7be4c960a6b7c835691b,
        type: 3}
      propertyPath: m_LocalRotation.w
      value: 1
      objectReference: {fileID: 0}
    - target: {fileID: 118848000865994929, guid: 1e51b1b9703d7be4c960a6b7c835691b,
        type: 3}
      propertyPath: m_LocalRotation.x
      value: 0
      objectReference: {fileID: 0}
    - target: {fileID: 118848000865994929, guid: 1e51b1b9703d7be4c960a6b7c835691b,
        type: 3}
      propertyPath: m_LocalRotation.y
      value: 0
      objectReference: {fileID: 0}
    - target: {fileID: 118848000865994929, guid: 1e51b1b9703d7be4c960a6b7c835691b,
        type: 3}
      propertyPath: m_LocalRotation.z
      value: 0
      objectReference: {fileID: 0}
    - target: {fileID: 118848000865994929, guid: 1e51b1b9703d7be4c960a6b7c835691b,
        type: 3}
      propertyPath: m_LocalEulerAnglesHint.x
      value: 0
      objectReference: {fileID: 0}
    - target: {fileID: 118848000865994929, guid: 1e51b1b9703d7be4c960a6b7c835691b,
        type: 3}
      propertyPath: m_LocalEulerAnglesHint.y
      value: 0
      objectReference: {fileID: 0}
    - target: {fileID: 118848000865994929, guid: 1e51b1b9703d7be4c960a6b7c835691b,
        type: 3}
      propertyPath: m_LocalEulerAnglesHint.z
      value: 0
      objectReference: {fileID: 0}
    - target: {fileID: 118848000866311185, guid: 1e51b1b9703d7be4c960a6b7c835691b,
        type: 3}
      propertyPath: m_Name
      value: pz4_II
      objectReference: {fileID: 0}
    - target: {fileID: 7507502781149616609, guid: 1e51b1b9703d7be4c960a6b7c835691b,
        type: 3}
      propertyPath: m_AnchorMax.x
      value: 0
      objectReference: {fileID: 0}
    - target: {fileID: 7507502781149616609, guid: 1e51b1b9703d7be4c960a6b7c835691b,
        type: 3}
      propertyPath: m_AnchorMax.y
      value: 0
      objectReference: {fileID: 0}
    - target: {fileID: 7507502781348964580, guid: 1e51b1b9703d7be4c960a6b7c835691b,
        type: 3}
      propertyPath: cam
      value: 
      objectReference: {fileID: 321278144}
    m_RemovedComponents: []
  m_SourcePrefab: {fileID: 100100000, guid: 1e51b1b9703d7be4c960a6b7c835691b, type: 3}
--- !u!1001 &7233224867046545785
PrefabInstance:
  m_ObjectHideFlags: 0
  serializedVersion: 2
  m_Modification:
    m_TransformParent: {fileID: 0}
    m_Modifications:
    - target: {fileID: 1006460031963524769, guid: 712a6d62d5ba4844fbc1af44adcd79be,
        type: 3}
      propertyPath: m_AnchorMax.x
      value: 0
      objectReference: {fileID: 0}
    - target: {fileID: 1006460031963524769, guid: 712a6d62d5ba4844fbc1af44adcd79be,
        type: 3}
      propertyPath: m_AnchorMax.y
      value: 0
      objectReference: {fileID: 0}
    - target: {fileID: 1006460032167026596, guid: 712a6d62d5ba4844fbc1af44adcd79be,
        type: 3}
      propertyPath: cam
      value: 
      objectReference: {fileID: 321278144}
    - target: {fileID: 7233224865105923761, guid: 712a6d62d5ba4844fbc1af44adcd79be,
        type: 3}
      propertyPath: m_Name
      value: pz4_III
      objectReference: {fileID: 0}
    - target: {fileID: 7233224865106214925, guid: 712a6d62d5ba4844fbc1af44adcd79be,
        type: 3}
      propertyPath: m_RootOrder
      value: 3
      objectReference: {fileID: 0}
    - target: {fileID: 7233224865106214925, guid: 712a6d62d5ba4844fbc1af44adcd79be,
        type: 3}
      propertyPath: m_LocalPosition.x
      value: 2694.3152
      objectReference: {fileID: 0}
    - target: {fileID: 7233224865106214925, guid: 712a6d62d5ba4844fbc1af44adcd79be,
        type: 3}
      propertyPath: m_LocalPosition.y
      value: -469.7768
      objectReference: {fileID: 0}
    - target: {fileID: 7233224865106214925, guid: 712a6d62d5ba4844fbc1af44adcd79be,
        type: 3}
      propertyPath: m_LocalPosition.z
      value: 4146.0605
      objectReference: {fileID: 0}
    - target: {fileID: 7233224865106214925, guid: 712a6d62d5ba4844fbc1af44adcd79be,
        type: 3}
      propertyPath: m_LocalRotation.w
      value: 1
      objectReference: {fileID: 0}
    - target: {fileID: 7233224865106214925, guid: 712a6d62d5ba4844fbc1af44adcd79be,
        type: 3}
      propertyPath: m_LocalRotation.x
      value: 0
      objectReference: {fileID: 0}
    - target: {fileID: 7233224865106214925, guid: 712a6d62d5ba4844fbc1af44adcd79be,
        type: 3}
      propertyPath: m_LocalRotation.y
      value: 0
      objectReference: {fileID: 0}
    - target: {fileID: 7233224865106214925, guid: 712a6d62d5ba4844fbc1af44adcd79be,
        type: 3}
      propertyPath: m_LocalRotation.z
      value: 0
      objectReference: {fileID: 0}
    - target: {fileID: 7233224865106214925, guid: 712a6d62d5ba4844fbc1af44adcd79be,
        type: 3}
      propertyPath: m_LocalEulerAnglesHint.x
      value: 0
      objectReference: {fileID: 0}
    - target: {fileID: 7233224865106214925, guid: 712a6d62d5ba4844fbc1af44adcd79be,
        type: 3}
      propertyPath: m_LocalEulerAnglesHint.y
      value: 0
      objectReference: {fileID: 0}
    - target: {fileID: 7233224865106214925, guid: 712a6d62d5ba4844fbc1af44adcd79be,
        type: 3}
      propertyPath: m_LocalEulerAnglesHint.z
      value: 0
      objectReference: {fileID: 0}
    m_RemovedComponents: []
  m_SourcePrefab: {fileID: 100100000, guid: 712a6d62d5ba4844fbc1af44adcd79be, type: 3}
--- !u!1001 &9017685999947618968
PrefabInstance:
  m_ObjectHideFlags: 0
  serializedVersion: 2
  m_Modification:
    m_TransformParent: {fileID: 0}
    m_Modifications:
    - target: {fileID: 1491667858126193909, guid: 3d1e828e1b168bd4da0ab7a746190b29,
        type: 3}
      propertyPath: cam
      value: 
      objectReference: {fileID: 321278144}
    - target: {fileID: 1491667858325452272, guid: 3d1e828e1b168bd4da0ab7a746190b29,
        type: 3}
      propertyPath: m_AnchorMax.x
      value: 0
      objectReference: {fileID: 0}
    - target: {fileID: 1491667858325452272, guid: 3d1e828e1b168bd4da0ab7a746190b29,
        type: 3}
      propertyPath: m_AnchorMax.y
      value: 0
      objectReference: {fileID: 0}
    - target: {fileID: 9017686000900709447, guid: 3d1e828e1b168bd4da0ab7a746190b29,
        type: 3}
      propertyPath: m_Name
      value: pz4_I
      objectReference: {fileID: 0}
    - target: {fileID: 9017686000901011785, guid: 3d1e828e1b168bd4da0ab7a746190b29,
        type: 3}
      propertyPath: m_RootOrder
      value: 5
      objectReference: {fileID: 0}
    - target: {fileID: 9017686000901011785, guid: 3d1e828e1b168bd4da0ab7a746190b29,
        type: 3}
      propertyPath: m_LocalPosition.x
      value: 2685.8206
      objectReference: {fileID: 0}
    - target: {fileID: 9017686000901011785, guid: 3d1e828e1b168bd4da0ab7a746190b29,
        type: 3}
      propertyPath: m_LocalPosition.y
      value: -469.7768
      objectReference: {fileID: 0}
    - target: {fileID: 9017686000901011785, guid: 3d1e828e1b168bd4da0ab7a746190b29,
        type: 3}
      propertyPath: m_LocalPosition.z
      value: 4146.088
      objectReference: {fileID: 0}
    - target: {fileID: 9017686000901011785, guid: 3d1e828e1b168bd4da0ab7a746190b29,
        type: 3}
      propertyPath: m_LocalRotation.w
      value: 1
      objectReference: {fileID: 0}
    - target: {fileID: 9017686000901011785, guid: 3d1e828e1b168bd4da0ab7a746190b29,
        type: 3}
      propertyPath: m_LocalRotation.x
      value: 0
      objectReference: {fileID: 0}
    - target: {fileID: 9017686000901011785, guid: 3d1e828e1b168bd4da0ab7a746190b29,
        type: 3}
      propertyPath: m_LocalRotation.y
      value: 0
      objectReference: {fileID: 0}
    - target: {fileID: 9017686000901011785, guid: 3d1e828e1b168bd4da0ab7a746190b29,
        type: 3}
      propertyPath: m_LocalRotation.z
      value: 0
      objectReference: {fileID: 0}
    - target: {fileID: 9017686000901011785, guid: 3d1e828e1b168bd4da0ab7a746190b29,
        type: 3}
      propertyPath: m_LocalEulerAnglesHint.x
      value: 0
      objectReference: {fileID: 0}
    - target: {fileID: 9017686000901011785, guid: 3d1e828e1b168bd4da0ab7a746190b29,
        type: 3}
      propertyPath: m_LocalEulerAnglesHint.y
      value: 0
      objectReference: {fileID: 0}
    - target: {fileID: 9017686000901011785, guid: 3d1e828e1b168bd4da0ab7a746190b29,
        type: 3}
      propertyPath: m_LocalEulerAnglesHint.z
      value: 0
      objectReference: {fileID: 0}
    m_RemovedComponents: []
  m_SourcePrefab: {fileID: 100100000, guid: 3d1e828e1b168bd4da0ab7a746190b29, type: 3}
